@misc{casterton_2019, 
    title={CS230 project source code}, 
    url={https://github.com/davidcasterton/CS230_project}, 
    publisher={GitHub}, 
    author={Casterton, David}, 
    year={2019}, 
    month={Jun}
}

@article{shi2018neural,
  title={Neural lander: Stable drone landing control using learned dynamics},
  author={Shi, Guanya and Shi, Xichen and O'Connell, Michael and Yu, Rose and Azizzadenesheli, Kamyar and Anandkumar, Animashree and Yue, Yisong and Chung, Soon-Jo},
  journal={arXiv:1811.08027},
  year={2018}
}

@article{zeng2019tossingbot,
  title={TossingBot: Learning to Throw Arbitrary Objects with Residual Physics},
  author={Zeng, Andy and Song, Shuran and Lee, Johnny and Rodriguez, Alberto and Funkhouser, Thomas},
  journal={arXiv:1903.11239},
  year={2019}
}
@article{guiggiani2014science,
  title={The science of vehicle dynamics},
  author={Guiggiani, Massimo},
  journal={Pisa, Italy: Springer Netherlands},
  year={2014},
  publisher={Springer}
}

@book{jazar2017vehicle,
  title={Vehicle dynamics: theory and application},
  author={Jazar, Reza N},
  year={2017},
  publisher={Springer}
}

@book{popp2010ground,
  title={Ground vehicle dynamics},
  author={Popp, Karl and Schiehlen, Werner},
  year={2010},
  publisher={Springer Science \& Business Media}
}

@incollection{schramm2014vehicle,
  title={Vehicle dynamics},
  author={Schramm, Dieter and Hiller, Manfred and Bardini, Roberto},
  booktitle={Modeling and Simulation},
  pages={151},
  year={2014},
  publisher={Springer}
}

@article{eraqi2017end,
  title={End-to-end deep learning for steering autonomous vehicles considering temporal dependencies},
  author={Eraqi, Hesham M and Moustafa, Mohamed N and Honer, Jens},
  journal={arXiv:1710.03804},
  year={2017}
}

@inproceedings{devineau2018coupled,
  title={Coupled Longitudinal and Lateral Control of a Vehicle using Deep Learning},
  author={Devineau, Guillaume and Polack, Philip and Altch{\'e}, Florent and Moutarde, Fabien},
  booktitle={2018 21st International Conference on Intelligent Transportation Systems (ITSC)},
  pages={642--649},
  year={2018},
  organization={IEEE}
}

@article{bojarski2016end,
  title={End to end learning for self-driving cars},
  author={Bojarski, Mariusz and Del Testa, Davide and Dworakowski, Daniel and Firner, Bernhard and Flepp, Beat and Goyal, Prasoon and Jackel, Lawrence D and Monfort, Mathew and Muller, Urs and Zhang, Jiakai and others},
  journal={arXiv:1604.07316},
  year={2016}
}

@misc{revs_vehicle_dynamics_database, 
    title={Revs Vehicle Dynamics Database},
    url={https://exhibits.stanford.edu/data/browse/revs-vehicle-dynamics-database}, 
    journal={Revs Vehicle Dynamics Database},
    publisher={Revs Institute}, 
    year={2016}, 
}

@misc{karpathy2015, 
    title={The Unreasonable Effectiveness of Recurrent Neural Networks}, url={http://karpathy.github.io/2015/05/21/rnn-effectiveness/}, 
    journal={The Unreasonable Effectiveness of Recurrent Neural Networks},
    author={Karpathy, Andrej}
}

@misc{ng_katanforoosh_bensouda_mourri, 
    title={Building a Recurrent Neural Network - Step by Step}, url={https://www.coursera.org/learn/nlp-sequence-models}, 
    journal={Sequence Models}, 
    publisher={Coursera}, 
    author={Ng, Andrew and Katanforoosh, Kian and Bensouda Mourri, Younes}
}

@misc{bullet, 
    title={Bullet Real-Time Physics Simulation}, 
    url={https://pybullet.org/}
}